@ARTICLE{weber,
	AUTHOR = "Sérgio Weber and Jean Carlos Rossa Hauck and Christiane Fresse von Wangenheim",
	TITLE = "Estabelecendo Processos de Software em Micro e Pequenas Empresas",
	JOURNAL = "Simpósio Brasileiro de Qualidade de Software",
	VOLUME = {},
	NUMBER = {},
	PAGES = {16},
	MONTH = "",
	YEAR = {1993}	}

@ARTICLE{Royce,
	AUTHOR = "Winston W. Royce",
	TITLE = "Managing the development of large software systems",
	JOURNAL = "proceedings of IEEE WESCON",
	VOLUME = {26},
	NUMBER = {8},
	PAGES = {11},
	MONTH = "",
	YEAR = {1970}	}
	
@ARTICLE{Castro:melhoria,
	AUTHOR = "Vitor de Souza Castro, Sandro Ronaldo, Bezerra Oliveira",
	TITLE = "MR-MPS-SW e MétodosÁgeis: Um Apoio à Implementação do Processo de Projeto e Construção do Produto",
	JOURNAL = "Computer on the Beach ",
	VOLUME = {},
	NUMBER = {},
	PAGES = {124-133},
	MONTH = "",
	YEAR = {2014}	}

@ARTICLE{Arimoto:melhoria,
	AUTHOR = "Maurício Massaru Arimoto, Edson Murakami, Valter Vieira de Camargo, Maria Istela Cagnin",
	TITLE = "Adherence Analysis of Agile Methods According to the MR-MPS Reference Model",
	JOURNAL = "VIII Simpósio Brasileiro de Qualidade de Software",
	VOLUME = {},
	NUMBER = {},
	PAGES = {249-263},
	MONTH = "",
	YEAR = {}	}

@BOOK{ieee,
	AUTHOR = "",
	TITLE = "INSTITUTE OF ELECTRICAL AND ELECTRONICS ENGINEERS - IEEE-STD-610: Standard Computer Dictionary: A Compilation of IEEE Standard Computer Glossaries",
	PUBLISHER = "IEEE",
	ADDRESS = "",
	YEAR = "1990"	}
	
@BOOK{pmbok:nAgil,
	AUTHOR = "Project Management Institute",
	TITLE = "Um Guia do conhecimento em gerenciamento de Projetos - Guia PMBOK 5º ed.",
	PUBLISHER = "Project Management Institute, Inc",
	ADDRESS = "Newtown Square, Pennsylvania 19073-3299 USA",
	YEAR = "2013"	}
	
	
@BOOK{mpsbr:nAgil,
	AUTHOR = "SOFTEX",
	TITLE = "MPS.BR - Melhoria de Processo do Software Brasileiro: Guia Geral MPS de Software",
	PUBLISHER = "Sociedade SOFTEX",
	ADDRESS = "",
	YEAR = "2012"	}
	
@BOOK{mpsbr:nAgil,
	AUTHOR = "SOFTEX",
	TITLE = "MPS.BR - Melhoria de Processo do Software Brasileiro: Guia Geral MPS de Software",
	PUBLISHER = "Sociedade SOFTEX",
	ADDRESS = "",
	YEAR = "2012"	}
	
@BOOK{agil:Cockburn,
	AUTHOR = "Cockburn,A. ",
	TITLE = "Agile software development: the cooperative game",
	PUBLISHER = "MA",
	ADDRESS = "",
	YEAR = "2007"	}
	
@BOOK{scrum:agil,
	AUTHOR = "Rafael Sabbagh",
	TITLE = "SCRUM: Gestão Ágil para Projetos de Sucesso",
	PUBLISHER = "Casa do Código",
	ADDRESS = "",
	YEAR = "2013"	}
	
@BOOK{xp:agil,
	AUTHOR = "Daniel Wildt",
	TITLE = "eXtreme Programming",
	PUBLISHER = "Casa do Código",
	ADDRESS = "",
	YEAR = "2015"	}
	
@Misc{xp:agil,
title = {XP},
howpublished = {\url{http://www.desenvolvimentoagil.com.br/xp/}},
note = {Acessado em: 10 de julho de 2016},
year = {}
}	
		
@Misc{scrum:agil,
title = {SCRUM},
howpublished = {\url{http://www.desenvolvimentoagil.com.br/scrum/}},
note = {Acessado em: 10 de julho de 2016},
year = {}
}

@Misc{jira:ferramenta,
title = {Jira},
howpublished = {\url{http://www.oatsolutions.com.br/ferramentas/ferramentas_JIRA.htm?gclid=CKOwyovm680CFRIFkQodhCcGZQ}},
note = {Acessado em: 15 de julho de 2016},
year = {2016}
}

@Misc{manifesto:agil,
title = {Manifesto para o desenvolvimento ágil de software},
howpublished = {\url{http://www.manifestoagil.com.br/}},
author = "Kent Beck",
note = {Acessado em: 06 de julho de 2016},
year = {2001}
}

@Misc{bitrix24:ferramenta,
title = {Bitrix24},
howpublished = {\url{https://www.bitrix24.com.br/#tour}},
note = {Acessado em: 11 de julho de 2016},
year = {}
}

@Misc{openUP:agil,
title = {Introdução ao OpenUP (Open Unified Process)},
howpublished = {\url{http://epf.eclipse.org/uploads/16.pdf}},
note = {Acessado em: 10 de julho de 2016},
year = {}
}

@Misc{openUP:hibrido,
title = {OpenUP},
howpublished = {\url{https://pt.wikipedia.org/wiki/OpenUP}},
note = {Acessado em: 01 de julho de 2016},
year = {}
}

@Misc{aadsp:hibrido,
title = {Adaptive Approach for Deployment of Software Process - AADSP},
howpublished = {\url{https: http://www.labrasoft.ifba.edu.br/wp-content/uploads/2016/10/Guia-AADSP.pdf}},
note = {Acessado em: 10 de julho de 2016},
year = {}
}